@article{Uijlings2013Selective,
  title={Selective Search for Object Recognition},
  author={Uijlings, J. R. and Sande, K. E. and Gevers, T. and Smeulders, A. W.},
  journal={International Journal of Computer Vision},
  volume={104},
  number={2},
  pages={154-171},
  year={2013},
}

@inproceedings{arnab2016higher,
  title={Higher order conditional random fields in deep neural networks},
  author={Arnab, Anurag and Jayasumana, Sadeep and Zheng, Shuai and Torr, Philip HS},
  booktitle={European Conference on Computer Vision},
  pages={524--540},
  year={2016},
  organization={Springer}
}

@inproceedings{zheng2015conditional,
  title={Conditional random fields as recurrent neural networks},
  author={Zheng, Shuai and Jayasumana, Sadeep and Romera-Paredes, Bernardino and Vineet, Vibhav and Su, Zhizhong and Du, Dalong and Huang, Chang and Torr, Philip HS},
  booktitle={Proceedings of the IEEE International Conference on Computer Vision},
  pages={1529--1537},
  year={2015}
}

@inproceedings{liu2015semantic,
  title={Semantic image segmentation via deep parsing network},
  author={Liu, Ziwei and Li, Xiaoxiao and Luo, Ping and Loy, Chen-Change and Tang, Xiaoou},
  booktitle={Proceedings of the IEEE International Conference on Computer Vision},
  pages={1377--1385},
  year={2015}
}

@article{yu2017dilated,
  title={Dilated residual networks},
  author={Yu, Fisher and Koltun, Vladlen and Funkhouser, Thomas},
  journal={arXiv preprint arXiv:1705.09914},
  year={2017}
}

@article{chen2016deeplab,
  title={Deeplab: Semantic image segmentation with deep convolutional nets, atrous convolution, and fully connected crfs},
  author={Chen, Liang-Chieh and Papandreou, George and Kokkinos, Iasonas and Murphy, Kevin and Yuille, Alan L},
  journal={arXiv preprint arXiv:1606.00915},
  year={2016}
}

@inproceedings{long2015fully,
  title={Fully convolutional networks for semantic segmentation},
  author={Long, Jonathan and Shelhamer, Evan and Darrell, Trevor},
  booktitle={Proceedings of the IEEE Conference on Computer Vision and Pattern Recognition},
  pages={3431--3440},
  year={2015}
}
@article{redmon2016you,
title={You Only Look Once: Unified, Real-Time Object Detection},
author={Redmon, Joseph and Divvala, Santosh Kumar and Girshick, Ross B and Farhadi, Ali},
journal={computer vision and pattern recognition},
pages={779--788},
year={2016}}


@article{liu2016ssd:,
title={SSD: Single Shot MultiBox Detector},
author={Liu, Wei and Anguelov, Dragomir and Erhan, Dumitru and Szegedy, Christian and Reed, Scott E and Fu, Chengyang and Berg, Alexander C},
journal={european conference on computer vision},
pages={21--37},
year={2016}}

@inproceedings{Ren2015Faster,
  title={Faster R-CNN: towards real-time object detection with region proposal networks},
  author={Ren, Shaoqing and He, Kaiming and Girshick, Ross and Sun, Jian},
  booktitle={International Conference on Neural Information Processing Systems},
  pages={91-99},
  year={2015},
}

@inproceedings{Girshick2015Fast,
  title={Fast R-CNN},
  author={Girshick, Ross},
  booktitle={IEEE International Conference on Computer Vision},
  pages={1440-1448},
  year={2015},
}

@article{He2015Spatial,
  title={Spatial Pyramid Pooling in Deep Convolutional Networks for Visual Recognition.},
  author={He, K. and Zhang, X. and Ren, S. and Sun, J.},
  journal={IEEE Transactions on Pattern Analysis & Machine Intelligence},
  volume={37},
  number={9},
  pages={1904-16},
  year={2015},
}

@article{girshick2014rich,
title={Rich Feature Hierarchies for Accurate Object Detection and Semantic Segmentation},
author={Girshick, Ross B and Donahue, Jeff and Darrell, Trevor and Malik, Jitendra},
journal={computer vision and pattern recognition},
pages={580--587},
year={2014}}


@inproceedings{felzenszwalb2008discriminatively,
  title={A discriminatively trained, multiscale, deformable part model},
  author={Felzenszwalb, Pedro and McAllester, David and Ramanan, Deva},
  booktitle={Computer Vision and Pattern Recognition, 2008. CVPR 2008. IEEE Conference on},
  pages={1--8},
  year={2008},
  organization={IEEE}
}
@inproceedings{ros2016synthia,
  title={The synthia dataset: A large collection of synthetic images for semantic segmentation of urban scenes},
  author={Ros, German and Sellart, Laura and Materzynska, Joanna and Vazquez, David and Lopez, Antonio M},
  booktitle={Conference on Computer Vision and Pattern Recognition},
  year={2016},
  organization={IEEE}
}

@article{Camvid,
 title={Semantic object classes in video: A high-definition ground truth database},
  author={Brostow, Gabriel J and Fauqueur, Julien and Cipolla, Roberto},
  journal={Pattern Recognition Letters},
  year={2009},
  publisher={Elsevier}
}

@inproceedings{scharwachter2013efficient,
  title={Efficient multi-cue scene segmentation},
  author={Scharw{\"a}chter, Timo and Enzweiler, Markus and Franke, Uwe and Roth, Stefan},
  booktitle={Pattern Recognition},
  year={2013},
  organization={Springer}
}

@ARTICLE{Geiger2013IJRR,
  author = {Andreas Geiger and Philip Lenz and Christoph Stiller and Raquel Urtasun},
  title = {Vision meets Robotics: The KITTI Dataset},
  journal = {International Journal of Robotics Research},
  year = {2013}
}

@article{russell2008labelme,
  title={LabelMe: a database and web-based tool for image annotation},
  author={Russell, Bryan C and Torralba, Antonio and Murphy, Kevin P and Freeman, William T},
  journal={International journal of computer vision},
  year={2008},
  publisher={Springer}
}

@inproceedings{Cordts2016Cityscapes,
title={The Cityscapes Dataset for Semantic Urban Scene Understanding},
author={Cordts, Marius and Omran, Mohamed and Ramos, Sebastian and Rehfeld, Timo and Enzweiler, Markus and Benenson, Rodrigo and Franke, Uwe and Roth, Stefan and Schiele, Bernt},
booktitle={Conference on Computer Vision and Pattern Recognition},
year={2016},
organization={IEEE}
}

@inproceedings{mueller2016benchmark,
  title={A benchmark and simulator for uav tracking},
  author={Mueller, Matthias and Smith, Neil and Ghanem, Bernard},
  booktitle={European Conference on Computer Vision},
  year={2016},
  organization={Springer}
}

@inproceedings{kaneva2011evaluation,
  title={Evaluation of image features using a photorealistic virtual world},
  author={Kaneva, Biliana and Torralba, Antonio and Freeman, William T},
  booktitle={International Conference on Computer Vision },
  year={2011},
  organization={IEEE}
}

@article{shotton2013real,
  title={Real-time human pose recognition in parts from single depth images},
  author={Shotton, Jamie and Sharp, Toby and Kipman, Alex and Fitzgibbon, Andrew and Finocchio, Mark and Blake, Andrew and Cook, Mat and Moore, Richard},
    booktitle={Conference on Computer Vision and Pattern Recognition},
    year={2011},
    organization={IEEE}
}
