@inproceedings{ros2016synthia,
  title={The synthia dataset: A large collection of synthetic images for semantic segmentation of urban scenes},
  author={Ros, German and Sellart, Laura and Materzynska, Joanna and Vazquez, David and Lopez, Antonio M},
  booktitle={Proceedings of the IEEE Conference on Computer Vision and Pattern Recognition},
  year={2016},
}

@InProceedings{HernandezBMVC17,
author = {Hernandez-Juarez, Daniel and Schneider, Lukas and Espinosa, Antonio and Vazquez, David and Lopez, Antonio M. and Franke, Uwe and Pollefeys, Marc and Moure, Juan Carlos},
title = {Slanted Stixels: Representing San Francisco’s Steepest Streets},
booktitle = {British Machine Vision Conference},
year = {2017}
}

@ARTICLE{Sim4CV,
   author = {{Mueller}, M. and {Casser}, V. and {Lahoud}, J. and {Smith}, N. and
	{Ghanem}, B.},
    title = "{UE4Sim: A Photo-Realistic Simulator for Computer Vision Applications}",
  journal = {ArXiv e-prints},
   eprint = {1708.05869},
 primaryClass = "cs.CV",
 keywords = {Computer Science - Computer Vision and Pattern Recognition},
     year = 2017,
    month = aug,
   adsurl = {http://adsabs.harvard.edu/abs/2017arXiv170805869M},
  adsnote = {Provided by the SAO/NASA Astrophysics Data System}
}

@inproceedings{CARLA,
title = {{CARLA}: {An} Open Urban Driving Simulator},
author = {Alexey Dosovitskiy and German Ros and Felipe Codevilla and Antonio Lopez and Vladlen Koltun},
booktitle = {Proceedings of the 1st Annual Conference on Robot Learning},
year = {2017}}

@article{santana2016learning,
  title={Learning a driving simulator},
  author={Santana, Eder and Hotz, George},
  journal={arXiv preprint arXiv:1608.01230},
  year={2016}
}


@misc{udacity,
  title = {Udacity. Public driving dataset.},
  howpublished = {\url{https://www.udacity.com/self-driving-car}},
  year={2017}
}
